<record><leader>00000cas a2200000 a 4500</leader><controlfield tag="001">27665037</controlfield><controlfield tag="008">930304d18351837miuwr ne      0    0eng c</controlfield><datafield ind1=" " ind2=" " tag="010"><subfield code="a">sn 93053793 </subfield></datafield><datafield ind1=" " ind2=" " tag="040"><subfield code="a">CNW</subfield><subfield code="b">eng</subfield><subfield code="c">CNW</subfield><subfield code="d">MHN</subfield><subfield code="d">OCL</subfield><subfield code="d">MHN</subfield><subfield code="d">OCL</subfield><subfield code="d">MHN</subfield><subfield code="d">DLC</subfield><subfield code="d">OCLCQ</subfield><subfield code="d">OCLCF</subfield></datafield><datafield ind1="1" ind2=" " tag="029"><subfield code="a">AU@</subfield><subfield code="b">000020737126</subfield></datafield><datafield ind1=" " ind2=" " tag="042"><subfield code="a">pcc</subfield></datafield><datafield ind1=" " ind2=" " tag="043"><subfield code="a">n-us-mi</subfield></datafield><datafield ind1="0" ind2="0" tag="050"><subfield code="a">Newspaper 8444</subfield></datafield><datafield ind1="0" ind2=" " tag="130"><subfield code="a">Michigan statesman (White Pigeon, Mich.)</subfield></datafield><datafield ind1="1" ind2="4" tag="245"><subfield code="a">The Michigan statesman.</subfield></datafield><datafield ind1=" " ind2=" " tag="260"><subfield code="a">White Pigeon, St. Joseph Co., M.T. [Mich.] :</subfield><subfield code="b">H. Gilbert</subfield></datafield><datafield ind1=" " ind2=" " tag="300"><subfield code="a">v.</subfield></datafield><datafield ind1=" " ind2=" " tag="310"><subfield code="a">Weekly</subfield></datafield><datafield ind1="0" ind2=" " tag="362"><subfield code="a">Vol. 2, no. 53 (Jan. 24, 1835)-</subfield></datafield><datafield ind1="1" ind2=" " tag="362"><subfield code="a">Ceased in Jan. 1837.</subfield></datafield><datafield ind1=" " ind2=" " tag="500"><subfield code="a">Published in: White Pigeon, Mich., Jan. 24, 1835-&lt;Sept. 17, 1835&gt; ; in: Bronson, Mich., &lt;Oct. 2, 1835&gt;-Apr. 2, 1836 ; in: Kalamazoo, Mich., Apr. 9, 1836-</subfield></datafield><datafield ind1=" " ind2="0" tag="651"><subfield code="a">White Pigeon (Mich.)</subfield><subfield code="v">Newspapers.</subfield></datafield><datafield ind1=" " ind2="0" tag="651"><subfield code="a">Saint Joseph County (Mich.)</subfield><subfield code="v">Newspapers.</subfield></datafield><datafield ind1=" " ind2="0" tag="651"><subfield code="a">Bronson (Mich.)</subfield><subfield code="v">Newspapers.</subfield></datafield><datafield ind1=" " ind2="0" tag="651"><subfield code="a">Kalamazoo (Mich.)</subfield><subfield code="v">Newspapers.</subfield></datafield><datafield ind1=" " ind2="0" tag="651"><subfield code="a">Kalamazoo County (Mich.)</subfield><subfield code="v">Newspapers.</subfield></datafield><datafield ind1=" " ind2="7" tag="655"><subfield code="a">Newspapers.</subfield><subfield code="2">fast</subfield><subfield code="0">(OCoLC)fst01423814</subfield></datafield><datafield ind1=" " ind2="7" tag="651"><subfield code="a">Michigan</subfield><subfield code="z">Bronson.</subfield><subfield code="2">fast</subfield><subfield code="0">(OCoLC)fst01209810</subfield></datafield><datafield ind1=" " ind2="7" tag="651"><subfield code="a">Michigan</subfield><subfield code="z">Kalamazoo.</subfield><subfield code="2">fast</subfield><subfield code="0">(OCoLC)fst01204469</subfield></datafield><datafield ind1=" " ind2="7" tag="651"><subfield code="a">Michigan</subfield><subfield code="z">Kalamazoo County.</subfield><subfield code="2">fast</subfield><subfield code="0">(OCoLC)fst01204722</subfield></datafield><datafield ind1=" " ind2="7" tag="651"><subfield code="a">Michigan</subfield><subfield code="z">Saint Joseph County.</subfield><subfield code="2">fast</subfield><subfield code="0">(OCoLC)fst01210520</subfield></datafield><datafield ind1=" " ind2="7" tag="651"><subfield code="a">Michigan</subfield><subfield code="z">White Pigeon.</subfield><subfield code="2">fast</subfield><subfield code="0">(OCoLC)fst01282935</subfield></datafield><datafield ind1=" " ind2=" " tag="752"><subfield code="a">United States</subfield><subfield code="b">Michigan</subfield><subfield code="c">Saint Joseph</subfield><subfield code="d">White Pigeon.</subfield></datafield><datafield ind1="0" ind2="0" tag="780"><subfield code="t">Michigan statesman and St. Joseph chronicle</subfield><subfield code="w">(DLC)sn 87070151</subfield><subfield code="w">(OCoLC)15692774</subfield></datafield><datafield ind1="0" ind2="0" tag="785"><subfield code="t">Kalamazoo gazette (Kalamazoo, Mich. : 1837)</subfield><subfield code="w">(DLC)sn 83016614</subfield><subfield code="w">(OCoLC)9940325</subfield></datafield></record>